<?xml version="1.0" encoding="UTF-8"?><collection xmlns="http://www.loc.gov/MARC21/slim"><record><leader>00614nam--2200181-i-4500</leader><controlfield tag="001">000020444</controlfield><controlfield tag="002">20161230</controlfield><controlfield tag="005">20161230201033</controlfield><controlfield tag="008">060222s1000------------r-----000-0-eng-d</controlfield><datafield ind1=" " ind2=" " tag="040"><subfield code="a">IFIN-HH</subfield></datafield><datafield ind1=" " ind2=" " tag="080"><subfield code="a">535.46:535.51(083.6)</subfield></datafield><datafield ind1="1" ind2=" " tag="100"><subfield code="a">Gergely, G</subfield></datafield><datafield ind1="1" ind2="0" tag="245"><subfield code="a">Ellipsometric tables of the si-sio2, system for mercury and hene laser spectral lines</subfield><subfield code="c">G. GERGELY (Ed.)</subfield></datafield><datafield ind1=" " ind2=" " tag="260"><subfield code="a">Budapest</subfield><subfield code="b">Akademiai Kiado</subfield><subfield code="c">1971</subfield></datafield><datafield ind1=" " ind2=" " tag="300"><subfield code="a">160 P</subfield></datafield><datafield ind1=" " ind2=" " tag="490"><subfield code="a">Publications Of The Research Institute For Technical Physics Of The Hungarian Academy Of Sciences</subfield><subfield code="v">No.O-5</subfield></datafield><datafield ind1=" " ind2=" " tag="852"><subfield code="a">76899</subfield><subfield code="c">535</subfield></datafield><datafield ind1=" " ind2=" " tag="CAT"><subfield code="a">Sys</subfield><subfield code="c">20101129</subfield><subfield code="h">091557</subfield></datafield></record></collection>